@inproceedings{Wakaumi20062D,
	author = {Wakaumi, H. and Nagasawa, C.},
	booktitle = {5th IEEE Conference on Sensors, 2006},
	doi = {10.1109/ICSENS.2007.355921},
	pages = {1511-1514},
	title = {A 2D Ternary Barcode Detection System with a Dual Threshold},
	year = 2006
}

@article{Chang2007PSlam,
	author = {Chang, H.J. and Lee, C. S G and Lu, Yung-Hsiang and Hu, Y.C.},
	doi = {10.1109/TRO.2007.892230},
	issn = {1552-3098},
	journal = {IEEE Transactions on Robotics},
	number = 2,
	pages = {281-293},
	shorttitle = {P-SLAM},
	title = {P-SLAM: Simultaneous Localization and Mapping With Environmental-Structure Prediction},
	volume = 23,
	year = 2007
}

@article{Davison2007Monoslam,
	author = {Davison, AJ. and Reid, ID. and Molton, N.D. and Stasse, O.},
	doi = {10.1109/TPAMI.2007.1049},
	issn = {0162-8828},
	journal = {IEEE Transactions on Pattern Analysis and Machine Intelligence},
	number = 6,
	pages = {1052-1067},
	shorttitle = {MonoSLAM},
	title = {MonoSLAM: Real-Time Single Camera SLAM},
	volume = 29,
	year = 2007
}

@inproceedings{Nister2006Scalable,
	author = {Nister, D. and Stewenius, H.},
	booktitle = {2006 IEEE Computer Society Conference on Computer Vision and Pattern Recognition},
	doi = {10.1109/CVPR.2006.264},
	pages = {2161-2168},
	title = {Scalable Recognition with a Vocabulary Tree},
	volume = 2,
	year = 2006
}

@inproceedings{Brown2003Recognising,
	author = {Brown, M. and Lowe, D.G.},
	booktitle = {Ninth IEEE International Conference on Computer Vision, 2003. Proceedings},
	doi = {10.1109/ICCV.2003.1238630},
	pages = {1218-1225 vol.2},
	title = {Recognising panoramas},
	year = 2003
}

@article{Wagner2010RealTimeb,
	author = {Wagner, Daniel and Reitmayr, Gerhard and Mulloni, Alessandro and Drummond, Tom and Schmalstieg, D.},
	doi = {10.1109/TVCG.2009.99},
	issn = {1077-2626},
	journal = {IEEE Transactions on Visualization and Computer Graphics},
	number = 3,
	pages = {355-368},
	title = {Real-Time Detection and Tracking for Augmented Reality on Mobile Phones},
	volume = 16,
	year = 2010
}

@inproceedings{Klein2007Parallel,
	author = {Klein, G. and Murray, D.},
	booktitle = {6th IEEE and ACM International Symposium on Mixed and Augmented Reality, 2007. ISMAR 2007},
	doi = {10.1109/ISMAR.2007.4538852},
	pages = {225-234},
	title = {Parallel Tracking and Mapping for Small AR Workspaces},
	year = 2007
}

@inproceedings{Wagner2009Multiple,
	author = {Wagner, Daniel and Schmalstieg, D. and Bischof, H.},
	booktitle = {8th IEEE International Symposium on Mixed and Augmented Reality, 2009. ISMAR 2009},
	doi = {10.1109/ISMAR.2009.5336497},
	pages = {57-64},
	title = {Multiple target detection and tracking with guaranteed framerates on mobile phones},
	year = 2009
}

@article{Cheng2006Visual,
	author = {Cheng, Yang and Maimone, M.W. and Matthies, L.},
	doi = {10.1109/MRA.2006.1638016},
	issn = {1070-9932},
	journal = {IEEE Robotics Automation Magazine},
	number = 2,
	pages = {54-62},
	title = {Visual odometry on the Mars exploration rovers - a tool to ensure accurate driving and science imaging},
	volume = 13,
	year = 2006
}

@inproceedings{Nister2004Visual,
	author = {Nister, D. and Naroditsky, O. and Bergen, J.},
	booktitle = {Proceedings of the 2004 IEEE Computer Society Conference on Computer Vision and Pattern Recognition, 2004. CVPR 2004},
	doi = {10.1109/CVPR.2004.1315094},
	pages = {I-652-I-659 Vol.1},
	title = {Visual odometry},
	volume = 1,
	year = 2004
}
